<record><leader>00000cas a2200000 a 4500</leader><controlfield tag="001">476360873</controlfield><controlfield tag="006">m     o  d        </controlfield><controlfield tag="007">cr |||||||||||</controlfield><controlfield tag="008">091209d189619uupauwr neo     0    0spa c</controlfield><datafield ind1=" " ind2=" " tag="010"><subfield code="a">  2009254436</subfield></datafield><datafield ind1=" " ind2=" " tag="040"><subfield code="a">CUS</subfield><subfield code="b">eng</subfield><subfield code="c">CUS</subfield><subfield code="d">CUS</subfield><subfield code="d">OCLCQ</subfield><subfield code="d">OCLCA</subfield><subfield code="d">OCLCF</subfield><subfield code="d">OCLCO</subfield></datafield><datafield ind1=" " ind2=" " tag="042"><subfield code="a">pcc</subfield></datafield><datafield ind1=" " ind2=" " tag="043"><subfield code="a">n-us-pa</subfield></datafield><datafield ind1="0" ind2=" " tag="130"><subfield code="a">Liberator (Philadelphia, Pa.)</subfield></datafield><datafield ind1="1" ind2="4" tag="245"><subfield code="a">The liberator</subfield><subfield code="h">[electronic resource].</subfield></datafield><datafield ind1=" " ind2=" " tag="260"><subfield code="3">&lt;Sept. 6, 1896-Jan. 3, 1897&gt; :</subfield><subfield code="a">Philadelphia, Pa. :</subfield><subfield code="b">Socialist Labor Party</subfield></datafield><datafield ind1="2" ind2=" " tag="260"><subfield code="3">&lt;Oct. 8, 1897-Dec. 11, 1897&gt; :</subfield><subfield code="a">Boston Mass. :</subfield><subfield code="b">Liberator Pub. Group</subfield></datafield><datafield ind1="3" ind2=" " tag="260"><subfield code="3">&lt;Sept. 3, 1905-Apr. 15, 1906&gt; :</subfield><subfield code="a">Chicago, Ill. :</subfield><subfield code="b">Liberator Pub. Group</subfield></datafield><datafield ind1=" " ind2=" " tag="310"><subfield code="a">Weekly</subfield></datafield><datafield ind1="1" ind2=" " tag="362"><subfield code="a">Began with vol. 1, no. 1 (Sept. 6, 1896).</subfield></datafield><datafield ind1=" " ind2=" " tag="580"><subfield code="a">Philadelphia edition of The People.</subfield></datafield><datafield ind1=" " ind2=" " tag="588"><subfield code="a">Description based on: Vol. 1, no. 2 (Sept. 13, 1896); title from PDF masthead (Hispanic American Newspapers, viewed Dec. 9, 2009).</subfield></datafield><datafield ind1=" " ind2=" " tag="588"><subfield code="a">Latest issue consulted: Vol. 1, no. 30 (Apr. 15, 1906) (viewed Dec. 9, 2009).</subfield></datafield><datafield ind1=" " ind2="0" tag="651"><subfield code="a">Philadelphia (Pa.)</subfield><subfield code="v">Newspapers.</subfield></datafield><datafield ind1=" " ind2="0" tag="650"><subfield code="a">Socialism</subfield><subfield code="v">Periodicals.</subfield></datafield><datafield ind1=" " ind2="7" tag="655"><subfield code="a">Newspapers.</subfield><subfield code="2">fast</subfield><subfield code="0">(OCoLC)fst01423814</subfield></datafield><datafield ind1=" " ind2="7" tag="655"><subfield code="a">Periodicals.</subfield><subfield code="2">fast</subfield><subfield code="0">(OCoLC)fst01411641</subfield></datafield><datafield ind1=" " ind2="7" tag="650"><subfield code="a">Socialism.</subfield><subfield code="2">fast</subfield><subfield code="0">(OCoLC)fst01123637</subfield></datafield><datafield ind1=" " ind2="7" tag="651"><subfield code="a">Pennsylvania</subfield><subfield code="z">Philadelphia.</subfield><subfield code="2">fast</subfield><subfield code="0">(OCoLC)fst01204170</subfield></datafield><datafield ind1="2" ind2=" " tag="710"><subfield code="a">Socialist Labor Party.</subfield></datafield><datafield ind1=" " ind2=" " tag="752"><subfield code="a">United States</subfield><subfield code="b">Pennsylvania</subfield><subfield code="c">Philadelphia</subfield><subfield code="d">Philadelphia.</subfield></datafield><datafield ind1="0" ind2="8" tag="776"><subfield code="i">Microfilm version:</subfield><subfield code="t">Liberator (Philadelphia, Pa.)</subfield><subfield code="w">(DLC)  2001252229</subfield><subfield code="w">(OCoLC)10060712</subfield></datafield><datafield ind1="0" ind2=" " tag="777"><subfield code="t">People (New York, N.Y. : 1891)</subfield><subfield code="w">(DLC)sn 94084544</subfield><subfield code="w">(OCoLC)5453176</subfield></datafield></record>